%%intro Landau
@article{Landau:1937obd,
    author = "Landau, L. D.",
    editor = "ter Haar, D.",
    title = "{On the theory of phase transitions}",
    doi = "10.1016/B978-0-08-010586-4.50034-1",
    journal = "Zh. Eksp. Teor. Fiz.",
    volume = "7",
    pages = "19--32",
    year = "1937"
}

@article{Ginzburg:1950sr,
    author = "Ginzburg, V. L. and Landau, L. D.",
    editor = "ter Haar, D.",
    title = "{On the Theory of superconductivity}",
    doi = "10.1016/B978-0-08-010586-4.50035-3",
    journal = "Zh. Eksp. Teor. Fiz.",
    volume = "20",
    pages = "1064--1082",
    year = "1950"
}

@article{von1986quantized,
  title={The quantized Hall effect},
  author={Von Klitzing, Klaus},
  journal={Reviews of Modern Physics},
  volume={58},
  number={3},
  pages={519},
  year={1986},
  publisher={APS}
}

%% Classification
@article{atiyah1967K,
  title={$K$-theory},
  author={Atiyah, MF},
  year={1967},
  publisher={WA Benjamin, Inc., New York-Amsterdam}
}

@article{altland1997nonstandard,
  title={Nonstandard symmetry classes in mesoscopic normal-superconducting hybrid structures},
  author={Altland, Alexander and Zirnbauer, Martin R},
  journal={Physical Review B},
  volume={55},
  number={2},
  pages={1142},
  year={1997},
  publisher={APS}
}

@article{atiyah1964clifford,
  title={Clifford modules},
  author={Atiyah, Michael F and Bott, Raoul and Shapiro, Arnold},
  journal={Topology},
  volume={3},
  pages={3--38},
  year={1964},
  publisher={Pergamon}
}

@article{bott1956application,
  title={An application of the Morse theory to the topology of Lie-groups},
  author={Bott, Raoul},
  journal={Bulletin de la Soci{\'e}t{\'e} Math{\'e}matique de France},
  volume={84},
  pages={251--281},
  year={1956}
}

@article{chiu2016classification,
  title={Classification of topological quantum matter with symmetries},
  author={Chiu, Ching-Kai and Teo, Jeffrey CY and Schnyder, Andreas P and Ryu, Shinsei},
  journal={Reviews of Modern Physics},
  volume={88},
  number={3},
  pages={035005},
  year={2016},
  publisher={APS}
}

@article{haldane1988model,
  title={Model for a quantum Hall effect without Landau levels: Condensed-matter realization of the" parity anomaly"},
  author={Haldane, F Duncan M},
  journal={Physical review letters},
  volume={61},
  number={18},
  pages={2015},
  year={1988},
  publisher={APS}
}
@article{wang2014quantum,
  title={Quantum anomalous Hall effect in magnetically doped InAs/GaSb quantum wells},
  author={Wang, Qing-Ze and Liu, Xin and Zhang, Hai-Jun and Samarth, Nitin and Zhang, Shou-Cheng and Liu, Chao-Xing},
  journal={Physical review letters},
  volume={113},
  number={14},
  pages={147201},
  year={2014},
  publisher={APS}
}
@article{liu2008quantum,
  title={Quantum anomalous Hall effect in Hg 1- y Mn y Te quantum wells},
  author={Liu, Chao-Xing and Qi, Xiao-Liang and Dai, Xi and Fang, Zhong and Zhang, Shou-Cheng},
  journal={Physical review letters},
  volume={101},
  number={14},
  pages={146802},
  year={2008},
  publisher={APS}
}
@article{chang2013experimental,
  title={Experimental observation of the quantum anomalous Hall effect in a magnetic topological insulator},
  author={Chang, Cui-Zu and Zhang, Jinsong and Feng, Xiao and Shen, Jie and Zhang, Zuocheng and Guo, Minghua and Li, Kang and Ou, Yunbo and Wei, Pang and Wang, Li-Li and others},
  journal={Science},
  volume={340},
  number={6129},
  pages={167--170},
  year={2013},
  publisher={American Association for the Advancement of Science}
}

@book{volovik2003universe,
  title={The universe in a helium droplet},
  author={Volovik, Grigory E},
  volume={117},
  year={2003},
  publisher={OUP Oxford}
}
@article{schnyder2008classification,
  title={Classification of topological insulators and superconductors in three spatial dimensions},
  author={Schnyder, Andreas P and Ryu, Shinsei and Furusaki, Akira and Ludwig, Andreas WW},
  journal={Physical Review B},
  volume={78},
  number={19},
  pages={195125},
  year={2008},
  publisher={APS}
}
@article{qi2009time,
  title={Time-reversal-invariant topological superconductors and superfluids in two and three dimensions},
  author={Qi, Xiao-Liang and Hughes, Taylor L and Raghu, Srinivas and Zhang, Shou-Cheng},
  journal={Physical review letters},
  volume={102},
  number={18},
  pages={187001},
  year={2009},
  publisher={APS}
}
@article{kitaev2001unpaired,
  title={Unpaired Majorana fermions in quantum wires},
  author={Kitaev, A Yu},
  journal={Physics-uspekhi},
  volume={44},
  number={10S},
  pages={131},
  year={2001},
  publisher={IOP Publishing}
}
@article{gul2018ballistic,
  title={Ballistic Majorana nanowire devices},
  author={G{\"u}l, {\"O}nder and Zhang, Hao and Bommer, Jouri DS and de Moor, Michiel WA and Car, Diana and Plissard, S{\'e}bastien R and Bakkers, Erik PAM and Geresdi, Attila and Watanabe, Kenji and Taniguchi, Takashi and others},
  journal={Nature nanotechnology},
  volume={13},
  number={3},
  pages={192--197},
  year={2018},
  publisher={Nature Publishing Group UK London}
}
@article{deng2016majorana,
  title={Majorana bound state in a coupled quantum-dot hybrid-nanowire system},
  author={Deng, MT and Vaitiek{\.e}nas, S and Hansen, Esben Bork and Danon, Jeroen and Leijnse, M and Flensberg, Karsten and Nyg{\aa}rd, Jesper and Krogstrup, P and Marcus, Charles M},
  journal={Science},
  volume={354},
  number={6319},
  pages={1557--1562},
  year={2016},
  publisher={American Association for the Advancement of Science}
}
@article{fu2007topological,
  title={Topological insulators in three dimensions},
  author={Fu, Liang and Kane, Charles L and Mele, Eugene J},
  journal={Physical review letters},
  volume={98},
  number={10},
  pages={106803},
  year={2007},
  publisher={APS}
}
@article{hsieh2008topological,
  title={A topological Dirac insulator in a quantum spin Hall phase},
  author={Hsieh, David and Qian, Dong and Wray, Lewis and Xia, Yiman and Hor, Yew San and Cava, Robert Joseph and Hasan, M Zahid},
  journal={Nature},
  volume={452},
  number={7190},
  pages={970--974},
  year={2008},
  publisher={Nature Publishing Group UK London}
}
@article{wang2010equivalent,
  title={Equivalent topological invariants of topological insulators},
  author={Wang, Zhong and Qi, Xiao-Liang and Zhang, Shou-Cheng},
  journal={New journal of physics},
  volume={12},
  number={6},
  pages={065007},
  year={2010},
  publisher={IOP Publishing}
}
@article{fu2006time,
  title={Time reversal polarization and a Z 2 adiabatic spin pump},
  author={Fu, Liang and Kane, Charles L},
  journal={Physical Review B},
  volume={74},
  number={19},
  pages={195312},
  year={2006},
  publisher={APS}
}

%% CDW
@article{Peierls1956QuantumTO,
  title={Quantum theory of solids},
  author={Rudolf Ernst Sir Peierls and Louis D. Roberts},
  journal={Physics Today},
  year={1956},
  volume={9},
  pages={29-29}
}

@phdthesis{sayers2020charge,
  title={Charge density wave phenomena in trigonal transition metal dichalcogenides},
  author={Sayers, Charles},
  year={2020},
  school={University of Bath}
}

@article{lindhard1954properties,
  title={On the properties of a gas of charged particles},
  author={Lindhard, Jens},
  journal={Kgl. Danske Videnskab. Selskab Mat.-Fys. Medd.},
  volume={28},
  year={1954},
  publisher={Univ. of Copenhagen, Denmark}
}



@article{moncton1975study,
  title={Study of superlattice formation in 2 H-Nb Se 2 and 2 H-Ta Se 2 by neutron scattering},
  author={Moncton, DE and Axe, JD and DiSalvo, FJ},
  journal={Physical Review Letters},
  volume={34},
  number={12},
  pages={734},
  year={1975},
  publisher={APS}
}
@article{du2000x,
  title={X-ray scattering studies of 2H-NbSe2, a superconductor and charge density wave material, under high external magnetic fields},
  author={Du, CH and Lin, WJ and Su, Y and Tanner, BK and Hatton, PD and Casa, D and Keimer, B and Hill, JP and Oglesby, CS and Hohl, H},
  journal={Journal of Physics: Condensed Matter},
  volume={12},
  number={25},
  pages={5361},
  year={2000},
  publisher={IOP Publishing}
}

@article{arguello2014visualizing,
  title={Visualizing the charge density wave transition in 2 H-NbSe 2 in real space},
  author={Arguello, Carlos J and Chockalingam, Sreekumar P and Rosenthal, Ethan P and Zhao, Liuyan and Guti{\'e}rrez, Christopher and Kang, JH and Chung, WC and Fernandes, Rafael M and Jia, Shuang and Millis, Andrew J and others},
  journal={Physical Review B},
  volume={89},
  number={23},
  pages={235115},
  year={2014},
  publisher={APS}
}

@article{zhu2015classification,
  title={Classification of charge density waves based on their nature},
  author={Zhu, Xuetao and Cao, Yanwei and Zhang, Jiandi and Plummer, EW and Guo, Jiandong},
  journal={Proceedings of the National Academy of Sciences},
  volume={112},
  number={8},
  pages={2367--2371},
  year={2015},
  publisher={National Acad Sciences}
}
@article{johannes2008fermi,
  title={Fermi surface nesting and the origin of charge density waves in metals},
  author={Johannes, MD and Mazin, II},
  journal={Physical Review B},
  volume={77},
  number={16},
  pages={165135},
  year={2008},
  publisher={APS}
}
@article{fukuyama1978dynamics,
  title={Dynamics of the charge-density wave. I. Impurity pinning in a single chain},
  author={Fukuyama, Hidetoshi and Lee, Patrick A},
  journal={Physical Review B},
  volume={17},
  number={2},
  pages={535},
  year={1978},
  publisher={APS}
}
@article{lee1979electric,
  title={Electric field depinning of charge density waves},
  author={Lee, PA and Rice, TM},
  journal={Physical Review B},
  volume={19},
  number={8},
  pages={3970},
  year={1979},
  publisher={APS}
}

%%% HOTI
@article{ando2015topological,
  title={Topological crystalline insulators and topological superconductors: From concepts to materials},
  author={Ando, Yoichi and Fu, Liang},
  journal={Annu. Rev. Condens. Matter Phys.},
  volume={6},
  number={1},
  pages={361--381},
  year={2015},
  publisher={Annual Reviews}
}
@article{ando2013topological,
  title={Topological insulator materials},
  author={Ando, Yoichi},
  journal={Journal of the Physical Society of Japan},
  volume={82},
  number={10},
  pages={102001},
  year={2013},
  publisher={The Physical Society of Japan}
}
@article{fu2011topological,
  title={Topological crystalline insulators},
  author={Fu, Liang},
  journal={Physical review letters},
  volume={106},
  number={10},
  pages={106802},
  year={2011},
  publisher={APS}
}

@article{hsieh2012topological,
  title={Topological crystalline insulators in the SnTe material class},
  author={Hsieh, Timothy H and Lin, Hsin and Liu, Junwei and Duan, Wenhui and Bansil, Arun and Fu, Liang},
  journal={Nature communications},
  volume={3},
  number={1},
  pages={982},
  year={2012},
  publisher={Nature Publishing Group UK London}
}
@article{dziawa2012topological,
  title={Topological crystalline insulator states in Pb1- x Sn x Se},
  author={Dziawa, P and Kowalski, BJ and Dybko, K and Buczko, R and Szczerbakow, A and Szot, M and {\L}usakowska, E and Balasubramanian, T and Wojek, Bastian M and Berntsen, MH and others},
  journal={Nature materials},
  volume={11},
  number={12},
  pages={1023--1027},
  year={2012},
  publisher={Nature Publishing Group UK London}
}
@article{liu2021bulk,
  title={Bulk--disclination correspondence in topological crystalline insulators},
  author={Liu, Yang and Leung, Shuwai and Li, Fei-Fei and Lin, Zhi-Kang and Tao, Xiufeng and Poo, Yin and Jiang, Jian-Hua},
  journal={Nature},
  volume={589},
  number={7842},
  pages={381--385},
  year={2021},
  publisher={Nature Publishing Group UK London}
}

@article{schindler2018higher,
  title={Higher-order topological insulators},
  author={Schindler, Frank and Cook, Ashley M and Vergniory, Maia G and Wang, Zhijun and Parkin, Stuart SP and Bernevig, B Andrei and Neupert, Titus},
  journal={Science advances},
  volume={4},
  number={6},
  pages={eaat0346},
  year={2018},
  publisher={American Association for the Advancement of Science}
}
@article{khalaf2018higher,
  title={Higher-order topological insulators and superconductors protected by inversion symmetry},
  author={Khalaf, Eslam},
  journal={Physical Review B},
  volume={97},
  number={20},
  pages={205136},
  year={2018},
  publisher={APS}
}
@article{fukui2012bulk,
  title={Bulk-edge correspondence for Chern topological phases: A viewpoint from a generalized index theorem},
  author={Fukui, Takahiro and Shiozaki, Ken and Fujiwara, Takanori and Fujimoto, Satoshi},
  journal={Journal of the Physical Society of Japan},
  volume={81},
  number={11},
  pages={114602},
  year={2012},
  publisher={The Physical Society of Japan}
}
@article{fukaya2020physicist,
  title={A physicist-friendly reformulation of the Atiyah-Patodi-Singer index and its mathematical justification},
  author={Fukaya, Hidenori and Furuta, Mikio and Matsuo, Shinichiroh and Onogi, Tetsuya and Yamaguchi, Satoshi and Yamashita, Mayuko},
  journal={arXiv preprint arXiv:2001.01428},
  year={2020}
}
@article{hatsugai1993chern,
  title={Chern number and edge states in the integer quantum Hall effect},
  author={Hatsugai, Yasuhiro},
  journal={Physical review letters},
  volume={71},
  number={22},
  pages={3697},
  year={1993},
  publisher={APS}
}
@article{essin2011bulk,
  title={Bulk-boundary correspondence of topological insulators from their respective Green’s functions},
  author={Essin, Andrew M and Gurarie, Victor},
  journal={Physical Review B},
  volume={84},
  number={12},
  pages={125132},
  year={2011},
  publisher={APS}
}
@article{geier2018second,
  title={Second-order topological insulators and superconductors with an order-two crystalline symmetry},
  author={Geier, Max and Trifunovic, Luka and Hoskam, Max and Brouwer, Piet W},
  journal={Physical Review B},
  volume={97},
  number={20},
  pages={205135},
  year={2018},
  publisher={APS}
}
@article{trifunovic2019higher,
  title={Higher-order bulk-boundary correspondence for topological crystalline phases},
  author={Trifunovic, Luka and Brouwer, Piet W},
  journal={Physical Review X},
  volume={9},
  number={1},
  pages={011012},
  year={2019},
  publisher={APS}
}
@article{trifunovic2021higher,
  title={Higher-Order Topological Band Structures},
  author={Trifunovic, Luka and Brouwer, Piet W},
  journal={physica status solidi (b)},
  volume={258},
  number={1},
  pages={2000090},
  year={2021},
  publisher={Wiley Online Library}
}
@article{lei2022topological,
  title={Topological classification of higher-order topological phases with nested band inversion surfaces},
  author={Lei, Zhoutao and Deng, Yuangang and Li, Linhu},
  journal={Physical Review B},
  volume={106},
  number={24},
  pages={245105},
  year={2022},
  publisher={APS}
}
@article{benalcazar2017quantized,
  title={Quantized electric multipole insulators},
  author={Benalcazar, Wladimir A and Bernevig, B Andrei and Hughes, Taylor L},
  journal={Science},
  volume={357},
  number={6346},
  pages={61--66},
  year={2017},
  publisher={American Association for the Advancement of Science}
}

%%% TCI
@article{hughes2011inversion,
  title={Inversion-symmetric topological insulators},
  author={Hughes, Taylor L and Prodan, Emil and Bernevig, B Andrei},
  journal={Physical Review B},
  volume={83},
  number={24},
  pages={245132},
  year={2011},
  publisher={APS}
}
@article{lu2014inversion,
  title={Inversion symmetry protected topological insulators and superconductors},
  author={Lu, Yuan-Ming and Lee, Dung-Hai},
  journal={arXiv preprint arXiv:1403.5558},
  year={2014}
}
@article{chiu2013classification,
  title={Classification of topological insulators and superconductors in the presence of reflection symmetry},
  author={Chiu, Ching-Kai and Yao, Hong and Ryu, Shinsei},
  journal={Physical Review B},
  volume={88},
  number={7},
  pages={075142},
  year={2013},
  publisher={APS}
}
@article{po2017symmetry,
  title={Symmetry-based indicators of band topology in the 230 space groups},
  author={Po, Hoi Chun and Vishwanath, Ashvin and Watanabe, Haruki},
  journal={Nature communications},
  volume={8},
  number={1},
  pages={50},
  year={2017},
  publisher={Nature Publishing Group UK London}
}
@article{slager2013space,
  title={The space group classification of topological band-insulators},
  author={Slager, Robert-Jan and Mesaros, Andrej and Juri{\v{c}}i{\'c}, Vladimir and Zaanen, Jan},
  journal={Nature Physics},
  volume={9},
  number={2},
  pages={98--102},
  year={2013},
  publisher={Nature Publishing Group UK London}
}
@article{kruthoff2017topological,
  title={Topological classification of crystalline insulators through band structure combinatorics},
  author={Kruthoff, Jorrit and De Boer, Jan and Van Wezel, Jasper and Kane, Charles L and Slager, Robert-Jan},
  journal={Physical Review X},
  volume={7},
  number={4},
  pages={041069},
  year={2017},
  publisher={APS}
}


%%% Dirac Weyl
@article{matsuura2013protected,
  title={Protected boundary states in gapless topological phases},
  author={Matsuura, Shunji and Chang, Po-Yao and Schnyder, Andreas P and Ryu, Shinsei},
  journal={New Journal of Physics},
  volume={15},
  number={6},
  pages={065001},
  year={2013},
  publisher={IOP Publishing}
}
@article{chiu2014classification,
  title={Classification of reflection-symmetry-protected topological semimetals and nodal superconductors},
  author={Chiu, Ching-Kai and Schnyder, Andreas P},
  journal={Physical Review B},
  volume={90},
  number={20},
  pages={205136},
  year={2014},
  publisher={APS}
}


@article{armitage2018weyl,
  title={Weyl and Dirac semimetals in three-dimensional solids},
  author={Armitage, NP and Mele, EJ and Vishwanath, Ashvin},
  journal={Reviews of Modern Physics},
  volume={90},
  number={1},
  pages={015001},
  year={2018},
  publisher={APS}
}
@article{belopolski2019discovery,
  title={Discovery of topological Weyl fermion lines and drumhead surface states in a room temperature magnet},
  author={Belopolski, Ilya and Manna, Kaustuv and Sanchez, Daniel S and Chang, Guoqing and Ernst, Benedikt and Yin, Jiaxin and Zhang, Songtian S and Cochran, Tyler and Shumiya, Nana and Zheng, Hao and others},
  journal={Science},
  volume={365},
  number={6459},
  pages={1278--1281},
  year={2019},
  publisher={American Association for the Advancement of Science}
}
@article{fang2016topological,
  title={Topological nodal line semimetals},
  author={Fang, Chen and Weng, Hongming and Dai, Xi and Fang, Zhong},
  journal={Chinese Physics B},
  volume={25},
  number={11},
  pages={117106},
  year={2016},
  publisher={IOP Publishing}
}
@article{yan2017nodal,
  title={Nodal-link semimetals},
  author={Yan, Zhongbo and Bi, Ren and Shen, Huitao and Lu, Ling and Zhang, Shou-Cheng and Wang, Zhong},
  journal={Physical Review B},
  volume={96},
  number={4},
  pages={041103},
  year={2017},
  publisher={APS}
}

@article{nielsen1983adler,
  title={The Adler-Bell-Jackiw anomaly and Weyl fermions in a crystal},
  author={Nielsen, Holger Bech and Ninomiya, Masao},
  journal={Physics Letters B},
  volume={130},
  number={6},
  pages={389--396},
  year={1983},
  publisher={Elsevier}
}

@article{gao2016classification,
  title={Classification of stable Dirac and Weyl semimetals with reflection and rotational symmetry},
  author={Gao, Zihao and Hua, Meng and Zhang, Haijun and Zhang, Xiao},
  journal={Physical Review B},
  volume={93},
  number={20},
  pages={205109},
  year={2016},
  publisher={APS}
}

@article{huang2015weyl,
  title={A Weyl Fermion semimetal with surface Fermi arcs in the transition metal monopnictide TaAs class},
  author={Huang, Shin-Ming and Xu, Su-Yang and Belopolski, Ilya and Lee, Chi-Cheng and Chang, Guoqing and Wang, BaoKai and Alidoust, Nasser and Bian, Guang and Neupane, Madhab and Zhang, Chenglong and others},
  journal={Nature communications},
  volume={6},
  number={1},
  pages={7373},
  year={2015},
  publisher={Nature Publishing Group UK London}
}
@article{lv2015experimental,
  title={Experimental discovery of Weyl semimetal TaAs},
  author={Lv, BQ and Weng, HM and Fu, BB and Wang, X Ps and Miao, Hu and Ma, Junzhang and Richard, P and Huang, XC and Zhao, LX and Chen, GF and others},
  journal={Physical Review X},
  volume={5},
  number={3},
  pages={031013},
  year={2015},
  publisher={APS}
}
@article{weng2015weyl,
  title={Weyl semimetal phase in noncentrosymmetric transition-metal monophosphides},
  author={Weng, Hongming and Fang, Chen and Fang, Zhong and Bernevig, B Andrei and Dai, Xi},
  journal={Physical Review X},
  volume={5},
  number={1},
  pages={011029},
  year={2015},
  publisher={APS}
}
@article{xu2015discovery,
  title={Discovery of a Weyl fermion semimetal and topological Fermi arcs},
  author={Xu, Su-Yang and Belopolski, Ilya and Alidoust, Nasser and Neupane, Madhab and Bian, Guang and Zhang, Chenglong and Sankar, Raman and Chang, Guoqing and Yuan, Zhujun and Lee, Chi-Cheng and others},
  journal={Science},
  volume={349},
  number={6248},
  pages={613--617},
  year={2015},
  publisher={American Association for the Advancement of Science}
}
@article{lee2015fermi,
  title={Fermi surface interconnectivity and topology in Weyl fermion semimetals TaAs, TaP, NbAs, and NbP},
  author={Lee, Chi-Cheng and Xu, Su-Yang and Huang, Shin-Ming and Sanchez, Daniel S and Belopolski, Ilya and Chang, Guoqing and Bian, Guang and Alidoust, Nasser and Zheng, Hao and Neupane, Madhab and others},
  journal={Physical Review B},
  volume={92},
  number={23},
  pages={235104},
  year={2015},
  publisher={APS}
}
@article{sun2015topological,
  title={Topological surface states and Fermi arcs of the noncentrosymmetric Weyl semimetals TaAs, TaP, NbAs, and NbP},
  author={Sun, Yan and Wu, Shu-Chun and Yan, Binghai},
  journal={Physical Review B},
  volume={92},
  number={11},
  pages={115428},
  year={2015},
  publisher={APS}
}
@article{lee2015fermi,
  title={Fermi surface interconnectivity and topology in Weyl fermion semimetals TaAs, TaP, NbAs, and NbP},
  author={Lee, Chi-Cheng and Xu, Su-Yang and Huang, Shin-Ming and Sanchez, Daniel S and Belopolski, Ilya and Chang, Guoqing and Bian, Guang and Alidoust, Nasser and Zheng, Hao and Neupane, Madhab and others},
  journal={Physical Review B},
  volume={92},
  number={23},
  pages={235104},
  year={2015},
  publisher={APS}
}

@article{liu2019magnetic,
  title={Magnetic Weyl semimetal phase in a Kagom{\'e} crystal},
  author={Liu, DF and Liang, AJ and Liu, EK and Xu, QN and Li, YW and Chen, C and Pei, D and Shi, WJ and Mo, SK and Dudin, P and others},
  journal={Science},
  volume={365},
  number={6459},
  pages={1282--1285},
  year={2019},
  publisher={American Association for the Advancement of Science}
}
@article{li2021correlated,
  title={Correlated magnetic Weyl semimetal state in strained Pr2Ir2O7},
  author={Li, Yangyang and Oh, Taekoo and Son, Jaeseok and Song, Jeongkeun and Kim, Mi Kyung and Song, Dongjun and Kim, Sukhyun and Chang, Seo Hyoung and Kim, Changyoung and Yang, Bohm-Jung and others},
  journal={Advanced Materials},
  volume={33},
  number={25},
  pages={2008528},
  year={2021},
  publisher={Wiley Online Library}
}
@article{wang2017quantum,
  title={Quantum transport in Dirac and Weyl semimetals: a review},
  author={Wang, Shuo and Lin, Ben-Chuan and Wang, An-Qi and Yu, Da-Peng and Liao, Zhi-Min},
  journal={Advances in Physics: X},
  volume={2},
  number={3},
  pages={518--544},
  year={2017},
  publisher={Taylor \& Francis}
}
@article{soluyanov2015type,
  title={Type-ii weyl semimetals},
  author={Soluyanov, Alexey A and Gresch, Dominik and Wang, Zhijun and Wu, QuanSheng and Troyer, Matthias and Dai, Xi and Bernevig, B Andrei},
  journal={Nature},
  volume={527},
  number={7579},
  pages={495--498},
  year={2015},
  publisher={Nature Publishing Group UK London}
}
@article{jiang2017signature,
  title={Signature of type-II Weyl semimetal phase in MoTe2},
  author={Jiang, Juan and Liu, ZK and Sun, Y and Yang, HF and Rajamathi, CR and Qi, YP and Yang, LX and Chen, C and Peng, H and Hwang, CC and others},
  journal={Nature communications},
  volume={8},
  number={1},
  pages={13973},
  year={2017},
  publisher={Nature Publishing Group UK London}
}
@article{kumar2017extremely,
  title={Extremely high magnetoresistance and conductivity in the type-II Weyl semimetals WP2 and MoP2},
  author={Kumar, Nitesh and Sun, Yan and Xu, Nan and Manna, Kaustuv and Yao, Mengyu and S{\"u}ss, Vicky and Leermakers, Inge and Young, Olga and F{\"o}rster, Tobias and Schmidt, Marcus and others},
  journal={Nature Communications},
  volume={8},
  number={1},
  pages={1642},
  year={2017},
  publisher={Nature Publishing Group UK London}
}
@article{wang2020higher,
  title={Higher-order Weyl semimetals},
  author={Wang, Hai-Xiao and Lin, Zhi-Kang and Jiang, Bin and Guo, Guang-Yu and Jiang, Jian-Hua},
  journal={Physical Review Letters},
  volume={125},
  number={14},
  pages={146401},
  year={2020},
  publisher={APS}
}
@article{zyuzin2018flat,
  title={Flat band in disorder-driven non-Hermitian Weyl semimetals},
  author={Zyuzin, Alexander A and Zyuzin, A Yu},
  journal={Physical Review B},
  volume={97},
  number={4},
  pages={041203},
  year={2018},
  publisher={APS}
}


%%% TaSe
@article{gressier1982preparation,
  title={Preparation and structure of ditantalum iodide octaselenide, Ta2ISe8},
  author={Gressier, Pascal and Guemas, Louisette and Meerschaut, Alain},
  journal={Acta Crystallographica Section B: Structural Crystallography and Crystal Chemistry},
  volume={38},
  number={11},
  pages={2877--2879},
  year={1982},
  publisher={International Union of Crystallography}
}
@article{van2001structure,
  title={Structure of the charge-density wave in (TaSe4) 2I},
  author={van Smaalen, Sander and Lam, Erwin J and L{\"u}decke, Jens},
  journal={Journal of Physics: Condensed Matter},
  volume={13},
  number={44},
  pages={9923},
  year={2001},
  publisher={IOP Publishing}
}
@article{shi2021charge,
  title={A charge-density-wave topological semimetal},
  author={Shi, Wujun and Wieder, Benjamin J and Meyerheim, Holger L and Sun, Yan and Zhang, Yang and Li, Yiwei and Shen, Lei and Qi, Yanpeng and Yang, Lexian and Jena, Jagannath and others},
  journal={Nature Physics},
  volume={17},
  number={3},
  pages={381--387},
  year={2021},
  publisher={Nature Publishing Group UK London}
}
@article{gooth2019axionic,
  title={Axionic charge-density wave in the Weyl semimetal (TaSe4) 2I},
  author={Gooth, Johannes and Bradlyn, Barry and Honnali, Shashank and Schindler, Clemens and Kumar, Nitesh and Noky, Jonathan and Qi, Yangpeng and Shekhar, Chandra and Sun, Yan and Wang, Zhijun and others},
  journal={Nature},
  volume={575},
  number={7782},
  pages={315--319},
  year={2019},
  publisher={Nature Publishing Group UK London}
}
@article{mu2021suppression,
  title={Suppression of axionic charge density wave and onset of superconductivity in the chiral Weyl semimetal Ta 2 Se 8 I},
  author={Mu, Qing-Ge and Nenno, Dennis and Qi, Yan-Peng and Fan, Feng-Ren and Pei, Cuiying and ElGhazali, Moaz and Gooth, Johannes and Felser, Claudia and Narang, Prineha and Medvedev, Sergey},
  journal={Physical Review Materials},
  volume={5},
  number={8},
  pages={084201},
  year={2021},
  publisher={APS}
}
@article{yi2021surface,
  title={Surface charge induced Dirac band splitting in a charge density wave material (Ta Se 4) 2 I},
  author={Yi, Hemian and Huang, Zengle and Shi, Wujun and Min, Lujin and Wu, Rui and Polley, CM and Zhang, Ruoxi and Zhao, Yi-Fan and Zhou, Ling-Jie and Adell, J and others},
  journal={Physical Review Research},
  volume={3},
  number={1},
  pages={013271},
  year={2021},
  publisher={APS}
}
@article{zhang2020first,
  title={First-principles study of the low-temperature charge density wave phase in the quasi-one-dimensional Weyl chiral compound (TaSe 4) 2 I},
  author={Zhang, Yang and Lin, Ling-Fang and Moreo, Adriana and Dong, Shuai and Dagotto, Elbio},
  journal={Physical Review B},
  volume={101},
  number={17},
  pages={174106},
  year={2020},
  publisher={APS}
}
@article{nenno2020axion,
  title={Axion physics in condensed-matter systems},
  author={Nenno, Dennis M and Garcia, Christina AC and Gooth, Johannes and Felser, Claudia and Narang, Prineha},
  journal={Nature Reviews Physics},
  volume={2},
  number={12},
  pages={682--696},
  year={2020},
  publisher={Nature Publishing Group UK London}
}
@article{pei2021pressure,
  title={Pressure-induced a partial disorder and superconductivity in quasi-one-dimensional Weyl semimetal (NbSe4) 2I},
  author={Pei, C and Shi, W and Zhao, Y and Gao, L and Gao, J and Li, Y and Zhu, H and Zhang, Q and Yu, N and Li, C and others},
  journal={Materials Today Physics},
  volume={21},
  pages={100509},
  year={2021},
  publisher={Elsevier}
}
@article{sinchenko2022does,
  title={Does (TaSe4) 2I really harbor an axionic charge density wave?},
  author={Sinchenko, AA and Ballou, Rafik and Lorenzo, Jos{\'e}-Emilio and Grenet, Th and Monceau, P},
  journal={Applied Physics Letters},
  volume={120},
  number={6},
  year={2022},
  publisher={AIP Publishing}
}
@article{li2021type,
  title={Type-III Weyl semimetals:(TaSe 4) 2 I},
  author={Li, Xiao-Ping and Deng, Ke and Fu, Botao and Li, YongKai and Ma, Da-Shuai and Han, JunFeng and Zhou, Jianhui and Zhou, Shuyun and Yao, Yugui},
  journal={Physical Review B},
  volume={103},
  number={8},
  pages={L081402},
  year={2021},
  publisher={APS}
}
@article{chang2018topological,
  title={Topological quantum properties of chiral crystals},
  author={Chang, Guoqing and Wieder, Benjamin J and Schindler, Frank and Sanchez, Daniel S and Belopolski, Ilya and Huang, Shin-Ming and Singh, Bahadur and Wu, Di and Chang, Tay-Rong and Neupert, Titus and others},
  journal={Nature materials},
  volume={17},
  number={11},
  pages={978--985},
  year={2018},
  publisher={Nature Publishing Group UK London}
}
@article{su1979solitons,
  title={Solitons in polyacetylene},
  author={Su, Wu-Pei and Schrieffer, John Robert and Heeger, Alan J},
  journal={Physical review letters},
  volume={42},
  number={25},
  pages={1698},
  year={1979},
  publisher={APS}
}
@article{khoury2022class,
  title={A Class of Magnetic Topological Material Candidates with Hypervalent Bi Chains},
  author={Khoury, Jason F and Han, Bingzheng and Jovanovic, Milena and Singha, Ratnadwip and Song, Xiaoyu and Queiroz, Raquel and Ong, Nai-Phuan and Schoop, Leslie M},
  journal={Journal of the American Chemical Society},
  volume={144},
  number={22},
  pages={9785--9796},
  year={2022},
  publisher={ACS Publications}
}
@article{juyal2022possible,
  title={Possible transition between charge density wave and Weyl semimetal phase in Y 2 Ir 2 O 7},
  author={Juyal, Abhishek and Dwivedi, Vinod Kumar and Verma, Sonu and Nandi, Shibabrata and Agarwal, Amit and Mukhopadhyay, Soumik},
  journal={Physical Review B},
  volume={106},
  number={15},
  pages={155149},
  year={2022},
  publisher={APS}
}

@article{tournier2013electronic,
  title={Electronic Instability in a Zero-Gap Semiconductor: The Charge-Density Wave in (TaSe 4) 2 I},
  author={Tournier-Colletta, C and Moreschini, L and Autes, G and Moser, S and Crepaldi, A and Berger, H and Walter, AL and Kim, KS and Bostwick, A and Monceau, Pierre and others},
  journal={Physical review letters},
  volume={110},
  number={23},
  pages={236401},
  year={2013},
  publisher={APS}
}

%% coupled wire
@article{raza2019dirac,
  title={From dirac semimetals to topological phases in three dimensions: A coupled-wire construction},
  author={Raza, Syed and Sirota, Alexander and Teo, Jeffrey CY},
  journal={Physical Review X},
  volume={9},
  number={1},
  pages={011039},
  year={2019},
  publisher={APS}
}

%% axion
@article{peccei1977cp,
  title={CP conservation in the presence of pseudoparticles},
  author={Peccei, Roberto D and Quinn, Helen R},
  journal={Physical Review Letters},
  volume={38},
  number={25},
  pages={1440},
  year={1977},
  publisher={APS}
}
@article{wilczek1987two,
  title={Two applications of axion electrodynamics},
  author={Wilczek, Frank},
  journal={Physical review letters},
  volume={58},
  number={18},
  pages={1799},
  year={1987},
  publisher={APS}
}
@article{svrcek2006axions,
  title={Axions in string theory},
  author={Svrcek, Peter and Witten, Edward},
  journal={Journal of High Energy Physics},
  volume={2006},
  number={06},
  pages={051},
  year={2006},
  publisher={IOP Publishing}
}
@article{nenno2020axion,
  title={Axion physics in condensed-matter systems},
  author={Nenno, Dennis M and Garcia, Christina AC and Gooth, Johannes and Felser, Claudia and Narang, Prineha},
  journal={Nature Reviews Physics},
  volume={2},
  number={12},
  pages={682--696},
  year={2020},
  publisher={Nature Publishing Group UK London}
}
@book{vanderbilt2018berry,
  title={Berry phases in electronic structure theory: electric polarization, orbital magnetization and topological insulators},
  author={Vanderbilt, David},
  year={2018},
  publisher={Cambridge University Press}
}
@article{wang2013chiral,
  title={Chiral anomaly, charge density waves, and axion strings from Weyl semimetals},
  author={Wang, Zhong and Zhang, Shou-Cheng},
  journal={Physical Review B},
  volume={87},
  number={16},
  pages={161107},
  year={2013},
  publisher={APS}
}
@article{wei2012excitonic,
  title={Excitonic phases from Weyl semimetals},
  author={Wei, Huazhou and Chao, Sung-Po and Aji, Vivek},
  journal={Physical review letters},
  volume={109},
  number={19},
  pages={196403},
  year={2012},
  publisher={APS}
}
@article{laubach2016density,
  title={Density wave instabilities and surface state evolution in interacting Weyl semimetals},
  author={Laubach, Manuel and Platt, Christian and Thomale, Ronny and Neupert, Titus and Rachel, Stephan},
  journal={Physical Review B},
  volume={94},
  number={24},
  pages={241102},
  year={2016},
  publisher={APS}
}
@article{you2016response,
  title={Response properties of axion insulators and Weyl semimetals driven by screw dislocations and dynamical axion strings},
  author={You, Yizhi and Cho, Gil Young and Hughes, Taylor L},
  journal={Physical Review B},
  volume={94},
  number={8},
  pages={085102},
  year={2016},
  publisher={APS}
}
@inproceedings{litskevich2022observation,
  title={Observation of topological bulk-boundary correspondence in a strong-coupling charge density wave state},
  author={Litskevich, Maksim and Hossain, Md Shafayat and Zhang, Qi and Cheng, Zijia and Wang, Zhiwei and Guin, Satya and Kumar, Nitesh and Shekhar, Chandra and Li, Yongkai and Yang, Ying and others},
  booktitle={APS March Meeting Abstracts},
  volume={2022},
  pages={K59--009},
  year={2022}
}
@article{huang2021absence,
  title={Absence of in-gap modes in charge density wave edge dislocations of the Weyl semimetal (TaSe 4) 2 I},
  author={Huang, Zengle and Yi, Hemian and Min, Lujin and Mao, Zhiqiang and Chang, Cui-Zu and Wu, Weida},
  journal={Physical Review B},
  volume={104},
  number={20},
  pages={205138},
  year={2021},
  publisher={APS}
}